  
@book{bonnet,
  title     = {Lecture notes on numerical linear algebra},
  author    = {Bonnet, Marc},
  year      = {2021},
  publisher = {ENSTA Paris - POEMS Group}
}

@book{saad2003iterative,
  title     = {Iterative methods for sparse linear systems},
  author    = {Saad, Yousef},
  year      = {2003},
  publisher = {SIAM}
}

@book{bebendorf2008hierarchical,
  title     = {Hierarchical matrices},
  author    = {Bebendorf, Mario},
  year      = {2008},
  publisher = {Springer}
}

@article{trefethen1998numerical,
  title     = {Numerical Linear Algebra},
  author    = {Trefethen, Lloyd N and Bau III, David and Fierro, Ricardo D},
  journal   = {SIAM Review},
  volume    = {40},
  number    = {3},
  pages     = {735--738},
  year      = {1998},
  publisher = {Philadelphia, Society for Industrial and Applied Mathematics.}
}

@book{darve2021numerical,
  title     = {Numerical linear algebra with Julia},
  author    = {Darve, Eric and Wootters, Mary},
  year      = {2021},
  publisher = {SIAM}
}

@article{simoncini2003theory,
  title     = {Theory of inexact Krylov subspace methods and applications to scientific computing},
  author    = {Simoncini, Valeria and Szyld, Daniel B},
  journal   = {SIAM Journal on Scientific Computing},
  volume    = {25},
  number    = {2},
  pages     = {454--477},
  year      = {2003},
  publisher = {SIAM}
}


@misc{git_dudu,
  title        = {GitHub's repository.},
  author       = {Guimaraes, Eduardo},
  howpublished = {\url{https://github.com/DuduGuima/InexactGMRES.git}}
}  


@misc{git-hmatrices,
  title        = {HMatrices.jl},
  author       = {Farias, Luiz},
  howpublished = {\url{https://github.com/IntegralEquations/HMatrices.jl}}
}  


@misc{git-inti,
  title        = {Inti.jl},
  author       = {Farias, Luiz},
  howpublished = {\url{https://github.com/IntegralEquations/Inti.jl}}
}  

@article{costabel1987principles,
  title     = {Principles of boundary element methods},
  author    = {Costabel, Martin},
  journal   = {Computer Physics Reports},
  volume    = {6},
  number    = {1-6},
  pages     = {243--274},
  year      = {1987},
  publisher = {Elsevier Science}
}

@book{hackbusch2015hierarchical,
  title     = {Hierarchical matrices: algorithms and analysis},
  author    = {Hackbusch, Wolfgang and others},
  volume    = {49},
  year      = {2015},
  publisher = {Springer}
}

@book{sauter-bem,
  author    = {A. Sauter, Stefan and Schwab, Christoph},
  publisher = {Springer},
  title     = {Boundary Element Methods},
  year      = {2011}
}

@misc{wang2016inexactkryloviterationsrelaxation,
  title         = {Inexact Krylov iterations and relaxation strategies with fast-multipole boundary element method},
  author        = {Tingyu Wang and Simon K. Layton and Lorena A. Barba},
  year          = {2016},
  eprint        = {1506.05957},
  archiveprefix = {arXiv},
  primaryclass  = {math.NA},
  howpublished  = {\url{https://arxiv.org/abs/1506.05957}}
}


@article{bouras2005inexact,
  title        = {Inexact matrix-vector products in Krylov methods for solving linear systems: a relaxation strategy},
  author       = {Bouras, Amina and Frayss{\'e}, Val{\'e}rie},
  journal      = {SIAM Journal on Matrix Analysis and Applications},
  volume       = {26},
  number       = {3},
  pages        = {660--678},
  year         = {2005},
  publisher    = {SIAM},
}